<?xml version="1.0" encoding="UTF-8"?><collection xmlns="http://www.loc.gov/MARC21/slim"><record><leader>00329nam--2200109-i-4500</leader><controlfield tag="001">000004671</controlfield><controlfield tag="002">20161230</controlfield><controlfield tag="005">20161230201026</controlfield><controlfield tag="008">060222s1000------------r-----000-0-eng-d</controlfield><datafield ind1=" " ind2=" " tag="245"><subfield code="a">Accelerateur de 340 kv destine a etudier les reactions induites par tritons</subfield></datafield><datafield ind1=" " ind2=" " tag="260"><subfield code="a">/Paris, La Societe Francaise De Physique, 1958 4 P</subfield></datafield><datafield ind1=" " ind2=" " tag="852"><subfield code="a">6276</subfield></datafield></record></collection>